% Hilbert
@article{BREZIS199876,
  title = {Partial Differential Equations in the 20th Century},
  journal = {Advances in Mathematics},
  volume = {135},
  pages = {76-144},
  year = {1998},
  issn = {0001-8708},
  doi = {https://doi.org/10.1006/aima.1997.1713},
  url = {https://www.sciencedirect.com/science/article/pii/S0001870897917138},
  author = {Haiïm Brezis and Felix Browder}
}

@incollection{Zach_2007,
	doi = {10.1016/b978-044451541-4/50014-2},
	url = {https://doi.org/10.1016%2Fb978-044451541-4%2F50014-2},
	year = 2007,
	publisher = {Elsevier},
	pages = {411--447},
	author = {Richard Zach},
	title = {Hilbert{\textquotesingle}s Program Then and Now},
	booktitle = {Philosophy of Logic}
}

@article{Fer_Castro_2020, 
  place={Buenos Aires, AR}, 
  title={La constitución del programa de Hilbert}, 
  volume={10}, 
  url={https://metatheoria.unq.edu.ar/index.php/m/article/view/209}, 
  DOI={10.48160/18532330me10.209}, 
  abstractNote={&amp;lt;p&amp;gt;En las páginas que siguen pretendemos dar una visión panorámica y esquemática de la evolución del programa formalista que resulta de los estudios recientes de notas de curso hasta hace poco inéditas. Analizaremos primeramente ciertos elementos del programa (la preferencia por el método axiomático, el estructuralismo y el logicismo). En segundo lugar observaremos cómo, una vez el programa establecido en 1920 (aunque con cierta vaguedad), diversos finitismos con una base común fueron ensayados por Hilbert y Bernays hasta 1931, en una tentativa por definir con precisión su programa y llevarlo a buen término. El resultado es el de un complejo programa de investigación en continua evolución.&amp;lt;/p&amp;gt;}, 
  number={2}, 
  journal={Metatheoria – Revista de Filosofía e Historia de la Ciencia}, 
  author={Fernández de Castro, Max and Torres Falcón, Yolanda}, 
  year={2020}, 
  month={abr.}, 
  pages={31–50} 
}

@book{gray2000hilbert,
  title={The Hilbert Challenge},
  author={Gray, Jeremy and Rowe, David and others},
  year={2000},
  publisher={Oxford University Press on Demand}
}

@book{stewart1987problems,
  title={The problems of mathematics},
  author={Stewart, Ian},
  year={1987},
  publisher={Oxford University Press Oxford}
}

@book{gray2003reto,
  title={El reto de Hilbert: Los 23 problemas que desafiaron a la matem{\'a}tica},
  author={Gray, Jeremy J},
  year={2003},
  publisher={Cr{\'\i}tica}
}

@book{alma991014322964704990,
  abstract = {David Hilbert was one of the great mathematicians who expounded the centrality of their subject in human thought. In this collection of essays, Wilfried Sieg frames Hilbert's foundational work, from 1890 to 1939, in a comprehensive way and integrates it with modern proof theoretic investigations. Ten essays are devoted to the analysis of classical as well as modern proof theory; three papers on the mathematical roots of Hilbert's work precede the analytical core, and three final essays exploit an open philosophical horizon for reflection on the nature of mathematics in the 21st century.},
  author = {Sieg, Wilfried},
  address = {Oxford, [England] ;},
  booktitle = {Hilbert's programs and beyond},
  isbn = {0-19-970715-4},
  keywords = {Mathematics -- Philosophy},
  language = {eng},
  publisher = {Oxford University Press},
  series = {Logic and computation in philosophy},
  title = {Hilbert's programs and beyond / Wilfried Sieg.},
  year = {2013 - 2013},
}

